@article{survey,
	author = {Thibault Kruse and Amit Kumar Pandey and Rachid Alami and Alexandra Kirsch},
	title = "Human-aware robot navigation: A survey",
	journal = "Robotics and Autonomous Systems",
	volume = "61",
	pages = "1726-1743",
	year = "2013"
}

@article{survey_2,
	author = "P. Althaus and H. Ishiguro and T. Miyashita and H. Christensen",
	title = "Navigation for human–robot interaction tasks",
	journal = "ICRA IEEE",
	year = "2004"
}

@article{survey_3,
	author = "Rachel Kirby",
	title = {Social Robot Navigation},
	journal = {Theses and Dissertations at Research Showcase, Paper 552},
	year = "2010"
}

@article{dwa,
	author = {Oliver Brockand and Oussama Khatib},
	title = {High-speed Navigation Using the Global Dynamic Window Approach},
	journal = "Robotics Laboratory, Department of Computer Science Stanford University, Stanford; International Conference on Robotics and Automation
Detroit. Michigan"
}

@book{dimension,
	title = "The Hidden Dimension",
	author = "E. T. Hall",
	publisher = "Anchor Books",
	year = "1966"
}

@article{taxonomy,
		author = {Tharindu Weerakoon and Kazuo Ishii and Amir Ali Forough Nassiraei},
	title = "An artificial potential field based mobilee robot navigation method to prevent from deadlock",
	journal = {Journal of Artificial Intelligence and Soft Computing Research},
	volume = "5",
	number = "3",
	pages = "189-203",
	year = "2015"
}

@article{planer_1,
	author = {Hwang, Y. K. and Ahuja, N.},
	title = "Gross motion planning:
a survey",
	journal = "ACM Computing Surveys (CSUR)",
	volume = "24",
	number = "3",
	pages = "219-291",
	year = "1992"
}

@article{planer_2,
	author = {Mohanty, P. K. and Parhi, D. R},
	title = "Controlling the motion of an autonomous mobile robot using various
techniques: a review",
	journal = "Journal of Advance Mechanical Engineering",
	volume = "1",
	number = "1",
	pages = "24-39",
	year = "2013"
}

@misc{dimension_zones,

	title = "{E. T. Hall} - {Proxemics /Personal Space in Different Cultures}",
	howpublished = {\url{https://laofutze.wordpress.com/category/e-t-hall-2/}}
}

@article{ma,
	author = {Emrah Akin Sisbot and Luis F. Marin-Urias and Rachid Alami and Thierry Siméon},
	title = "A Human Aware Mobile Robot Motion Planner",
	journal = {IEEE Transactions on Robotics},
	volume = "23",
	number = "5",
	year = "2007"
	}
		
@misc{nrs,
	author = "{A.G. Mateus}",
	title = "Human-Aware Navigation in Networked Robot Systems",
	note = "Instituto Superior Tecnico",
}

@article{omnivelma,
	author = "Radosław Świątkiewicz",
	title = "Symulacja dookólnej bazy mobilnej",
	note = {Praca dyplomowa inżynierska, Politechnika Warszawska},
	year = "2018"
}

@article{prob,
	author = "Paweł Rabiński",
	title = "Vision based gesture-driven human-robot interface",
	note = {Praca dyplomowa inżynierska, Politechnika Warszawska},
	year = "2013"
}

@article{gauss_2,
	author = "Dizan Vasquez and Procópio Stein and Jorge Rios-Martinez and Arturo Escobedo and
Anne Spalanzani and Christian Laugier",
	title = "Human Aware Navigation for Assistive Robotics"
}

@article{markov,
	author = "Dizan Alejandro Vasquez Govea and Thierry Fraichard and Christian Laugier",
	title = "Growing Hidden Markov Models: An Incremental Tool
for Learning and Predicting Human and Vehicle Motion",
journal = {International Journal of Robotics Research},
	volume = "28",
	year = "2009"
}


@misc{kinect,
 	author= "Microsoft",
 	title= "Kinect for Windows Sensor Components and Specifications",
 	howpublished = {\url{https://msdn.microsoft.com/en-us/library/jj131033.aspx}}
 }
 
 @misc{kinect2,
 	author= "Microsoft",
 	title= "{Project Natal 101}",
 	howpublished = {\url{https://web.archive.org/web/20120121223600/http://download.microsoft.com/download/A/4/A/A4A457B3-DF5D-4BF2-AD4E-963454BA0BCC/ProjectNatalFactSheetMay09.zip}}
 }
 
 
 @misc{kinect_openkinect,
 	author= "OpenKinect",
 	title= "OpenKinect Protocol Documentation",
 	howpublished = {\url{https://openkinect.org/wiki/Protocol_Documentation#Control_Commands;a=summary}}
 }
 
 
 @misc{lidar,
 	author= {Heritage England},
 	title= {3D laser scanning for heritage. Advice and guidance to users on laser scanning in archaeology and architecture},
 	howpublished = {\url{www.english-heritage.org.uk}}
 }
 
 @misc{ROS,
 	author= {Willow Garage and Stanford Artificial Intelligence Laboratory and Open Robotics},
 	title= {ROS - Robot Operating System},
 	howpublished = {\url{http://www.ros.org}}
 }
 
 @misc{gazebo,
 	author= {Open Robotics},
 	title= {Symulator Gazebo},
 	howpublished = {\url{http://gazebosim.org/}}
 }
 
@misc{gazebo_kinect,
 	author= {Open Robotics},
 	title= {Model czujnika Kinect w środowisku Gazebo},
 	howpublished = {\url{http://gazebosim.org/tutorials?tut=ros_depth_camera&cat=connect_ros}}
 } 
 
 @misc{opencv,
 	title= "OpenCV library",
 	howpublished = {\url{https://docs.opencv.org/master/d9/df8/tutorial_root.html/}}
 }
 
  @misc{dlib,
  	author = "Davis E. King",
 	title= "Dlib library",
 	howpublished = {\url{http://dlib.net/}}
 }
 
 
 @misc{sdf,
 	title= {Format SDF},
 	howpublished = {\url{http://sdformat.org//}}
 	}
 	
 	  @misc{openni,
 	title= "Openni Framework",
 	howpublished = {\url{http://openni.ru/openni-sdk/index.html}}
 }